<?xml version="1.0" encoding="UTF-8"?><record xmlns="http://www.loc.gov/MARC21/slim" xmlns:cinclude="http://apache.org/cocoon/include/1.0" xmlns:zs="http://www.loc.gov/zing/srw/">
  <leader>00386nz  a2200121n  4500</leader>
  <controlfield tag="001">nr 94025714 </controlfield>
  <controlfield tag="003">DLC</controlfield>
  <controlfield tag="005">19940806060201.2</controlfield>
  <controlfield tag="008">940805n| acannaab|          |n aaa     c</controlfield>
  <datafield tag="010" ind1=" " ind2=" ">
    <subfield code="a">nr 94025714 </subfield>
  </datafield>
  <datafield tag="040" ind1=" " ind2=" ">
    <subfield code="a">NjP</subfield>
    <subfield code="c">NjP</subfield>
  </datafield>
  <datafield tag="100" ind1="1" ind2="0">
    <subfield code="a">Hallett, Mary E.</subfield>
    <subfield code="q">(Mary Elizabeth),</subfield>
    <subfield code="d">1924-1986</subfield>
  </datafield>
  <datafield tag="670" ind1=" " ind2=" ">
    <subfield code="a">Firing the heather, c1993:</subfield>
    <subfield code="b">t.p. (Mary Hallett) Can. CIP (Hallett, Mary E. (Mary Elizabeth), 1924-1986)</subfield>
  </datafield>
</record>